@Article{ bresenham,
	author = "Jack E. Bresenham",
	title = "Algorithm for computer control of a digital plotter",
	journal = "IBM Systems Journal",
	year = "1965",
	volume = "4",
	pages = "25--30",
	number = "1",
	owner = "rodolfo",
	timestamp = "2011.01.04"
}

@Article{ canny,
	author = "J. Canny",
	title = "A computational approach to edge detection",
	journal = "IEEE Trans. Pattern Anal. and Machine Intel.",
	year = "1986",
	pages = "679--698",
	number = "8",
	owner = "rodolfo",
	timestamp = "2011.01.04"
}

@Article{ chen,
	author = "Yilun Chen and Qiong Yang and Yuantao Gu and Jian Yang",
	title = "Detection of roads in SAR images using particle filter",
	journal = "IEEE International Conference on Image Processing",
	year = "2006",
	pages = "2337--2340",
	month = oct,
	issn = "1522-4880 ",
	owner = "rodolfo",
	timestamp = "2011.01.04",
	url = "http://ieeexplore.ieee.org/xpl/freeabs_all.jsp?arnumber=4107035"
}

@Article{ fischler,
	author = "M. A. Fischler and J. M. Tenenbaum and H. C. Wolf",
	title = "Detection of roads and linear structures in low resolution aerial imagery using a multi-score knowledge integration technique",
	journal = "Computer Graphics and Image Processing",
	year = "1981",
	pages = "201--223",
	number = "15",
	owner = "rodolfo",
	timestamp = "2011.01.04"
}

@Article{ german2,
	author = "D. German and B. Jeclynak",
	title = "An active testing model for tracking roads in satellite images",
	journal = "IEEE Trans. Pattern Anal. and Machine Intel.",
	year = "1996",
	pages = "1--14",
	number = "18",
	owner = "rodolfo",
	timestamp = "2011.01.04"
}

@Article{ german1,
	author = "D. German and B. Jeclynak",
	title = "Detection of roads in satellite images",
	journal = "In Processing of International Geoscience and remote sensing symposium",
	year = "1991",
	pages = "2437--2477",
	owner = "rodolfo",
	timestamp = "2011.01.04"
}

@Article{ laptev,
	title = "Automatic extraction of roads from aerial images based on scale space and snakes",
	author = "I. Laptev and H. Mayer and T. Lindeberg and W. Eckstein and C. Steger and A. Baumgartner",
	publisher = "Springer-Verlag New York, Inc.",
	address = "Secaucus, NJ, USA",
	journal = "Machine Vision and Application",
	pages = "23--31",
	volume = "12",
	number = "1",
	month = jul,
	year = "2000",
	issn = "0932-8092",
	keywords = "aerial imagery, automatic road extraction, evaluation, multi-scale, snakes",
	url = "http://dx.doi.org/10.1007/s001380050004",
	doi = "10.1007/s001380050004",
	acmid = "360415",
	issue_date = "July 2000",
	numpages = "9"
}

@Article{ onana,
	author = "V. P. Onana and E. Trouv{\'e} and J. P. Rudant and E. Tony{\'e}",
	title = "Extraction of linear features in SAR images using localized radon transform for geographical map updating",
	journal = "Optical Society of America",
	year = "2004",
	volume = "43",
	pages = "264--273",
	owner = "rodolfo",
	timestamp = "2011.01.04"
}

@Article{ rianto,
	author = "Yan Rianto and Shozo Kondo and Talguk Kim",
	title = "Detection of roads from satellite image using thee optimal search",
	journal = "Proceedings. International Conference on Image Analysis and Processing",
	year = "1999",
	pages = "804--809",
	owner = "rodolfo",
	timestamp = "2011.01.04"
}

@Article{ zhang_rong,
	author = "Zhang Rong and Liang Guanfeng and Liu Zhengkai and Chen Xingxing",
	title = "Research on Road Object Recognition in SAR Image",
	journal = "proceeding of SPIE:MIPPR",
	year = "2005",
	volume = "6053, 6043-115P",
	owner = "rodolfo",
	timestamp = "2011.01.04"
}

@InCollection{ wang,
	author = "Min Wang and Yanning Zhang and Lili Zhang",
	title = "An Efficient Method of Road Extraction in SAR Image",
	booktitle = "Advances in Natural Computation",
	publisher = "Springer Berlin / Heidelberg",
	year = "2006",
	editor = "Licheng Jiao and Lipo Wang and Xinbo Gao and Jing Liu and Feng Wu",
	volume = "4222",
	series = "Lecture Notes in Computer Science",
	pages = "710--713",
	note = "10.1007/11881223\_89",
	affiliation = "Computer school of Northwestern Polytechnical University, P.O. Box 756, Xiâ€™an,Shaanxi, gaoxg@nwpu.edu.cn P.R. China P.R. China",
	owner = "rodolfo",
	timestamp = "2011.01.04",
	url = "http://dx.doi.org/10.1007/11881223_89"
}

@Article{ yandong,
	author = "Yadong Wang and John Trinder",
	title = "Automatic road network extraction by hierarchical grouping",
	year = "2008",
	institution = "CiteSeerX - Scientific Literature Digital Library and Search Engine [http://citeseerx.ist.psu.edu/oai2] (United States)",
	location = "http://www.scientificcommons.org/43600595",
	owner = "rodolfo",
	timestamp = "2011.01.04",
	url = "http://citeseerx.ist.psu.edu/viewdoc/summary?doi=10.1.1.97.3652"
}

@Article{ gamba,
	title = "Road Network Extraction in VHR SAR Images of Urban and Suburban Areas by Means of Class-Aided Feature-Level Fusion",
	author = "K. Hedman and U. Stilla and G. Lisini and P. Gamba",
	journal = "IEEE Geoscience and Remote Sensing",
	pages = "1294--1296",
	volume = "48",
	number = "3",
	month = mar,
	year = "2010",
	issn = "0196-2892"
}

@Article{ gamba2,
	title = "Road extraction aided by adaptive directional filtering and template matching",
	author = "F. Dell'Acqua and P. Gamba and G. Lisini",
	journal = "Proc. of IEEE Int. Geoscience and Remote Sensing Symposium",
	year = "2002"
}

@Article{ gamba3,
	title = "Road map extraction by multiple detectors in fine spatial resolution SAR data",
	author = "F. Dell'Acqua and P. Gamba and G. Lisini",
	journal = "Canadian J. Remote Sensing",
	pages = "481--490",
	volume = "29",
	number = "4",
	month = aug,
	year = "2003"
}

@Article{ idbraim,
	title = "An automatic system for urban road extraction from satellite and aerial images",
	author = "S. Idbraim and D. Mammass and D. Aboutajdine and D. Ducrot",
	publisher = "World Scientific and Engineering Academy and Society (WSEAS)",
	address = "Stevens Point, Wisconsin, USA",
	journal = "WSEAS Transaction Signal Processing",
	pages = "563--572",
	volume = "4",
	number = "10",
	month = "Oct ",
	year = "2008",
	issn = "1790-5022",
	keywords = "adaptive directional filtering, evaluation, grouping, road extraction, satellite and aerial imagery, segmentation, urban areas",
	url = "http://dl.acm.org/citation.cfm?id=1486759.1486760",
	acmid = "1486760",
	numpages = "10"
}

@Article{ wessel,
	AUTHOR = "B. Wessel and C. Wiedemann",
	TITLE = "Analysis of Automatic Road Extraction Results from Airborne SAR Imagery",
	BOOKTITLE = PIA03,
	YEAR = "2003",
	journal = {Proceedings of the ISPRS Conference "Photogrammetric Image Analysis" International Archieves of the Photogrammetry, Remote Sensing and Spatial Information Sciences},
	pages = "105--110",
	number = "3/W8",
	month = sep,
	BIBSOURCE = "http://www.visionbib.com/bibliography/cartog929.html\\\\\\\\\\\\\\\\\\\\\\\\\\\\\\\\\\\\\\\\\\\\\\\\\\\\\\\\\\\\\\\\\\\\\\\\\#TT104579"
}

@Article{ chen2,
	title = "Digital Photogrammetry for Remote Sensing Image",
	author = "Y. Chen",
	journal = "Tongji University, Shanghai",
	pages = "150--155",
	year = "2003"
}

@Article{ cheng,
	title = "Road Extraction from SAR Image using an Improved Statistical Algorithm",
	author = "M. Cheng and Q. Ye",
	journal = "International Archives of the Photogrammetry. Remote Sensing and Spatial Information Sciences",
	volume = "XXXVII",
	year = "2008"
}

@Book{ oliver,
	title = "Understanding Synthetic Aperture Radar Images",
	author = "Chris Oliver and Shaun Quegan",
	publisher = "Artech House Publishers",
	year = "1998",
	isbn = "089006850X",
	address = "Boston"
}

@Article{ xutong,
	title = "A semi-automatic framework for highway extraction and vehicle detection based on a geometric deformable model",
	author = "Xutong Niu",
	journal = "ISPRS Journal of Photogrammetry and Remote Sensing",
	pages = "170--186",
	volume = "61",
	number = "3-4",
	year = "2006",
	issn = "0924-2716",
	note = "Theme Issue: Airborne and Spaceborne Traffic Monitoring",
	keywords = "Semi-automation",
	url = "http://www.sciencedirect.com/science/article/B6VF4-4M6455F-2/2/6813b32addeab82d88bf4ad72d4d60ba",
	doi = "DOI: 10.1016/j.isprsjprs.2006.08.004",
	keywords1 = "Road extraction",
	keywords2 = "Vehicle detection",
	keywords3 = "Aerial photography"
}

@Article{ hu,
	author = "Jiuxiang Hu and A. Razdan and J.C. Femiani and Ming Cui and P. Wonka",
	journal = "Geoscience and Remote Sensing, IEEE Transactions on",
	title = "Road Network Extraction and Intersection Detection From Aerial Images by Tracking Road Footprints",
	year = "2007",
	month = "dec. ",
	volume = "45",
	number = "12",
	pages = "4144--4157",
	ISSN = "0196-2892"
}

@Article{ wiedemann,
	title = "Automatic Completion and Evaluation of Road Networks",
	author = "Christian Wiedemann and Heinrich Ebner",
	journal = "International Archives of Photogrammetry and Remote Sensing",
	volume = "XXXIII",
	number = "B3",
	year = "2000"
}

@Article{ yan_li,
	title = "Automatic Extraction of Roads from High Resolution Aerial and Satellite Images with Heavy Noise",
	author = "Yan Li and Ronald Briggs",
	journal = "World Academy of Science, Engineering and Technology",
	pages = "416--422",
	volume = "54",
	year = "2009"
}

@Book{ carrara,
	title = "Spotlight Synthetic Aperture Radar: Signal Processing Algorithms",
	author = "Walter G. Carrara and Ron S. Goodman and Ronald M. Majewski",
	publisher = "Artech House Publishers",
	year = "1995",
	isbn = "0890067287"
}

@InCollection{ blum,
	citeseer = "http://citeseer.nj.nec.com/context/77000/0",
	author = "Harry Blum",
	booktitle = "Models for the Perception of Speech and Visual Form",
	editor = "Weiant Wathen-Dunn",
	optstatus = "html doi abstract",
	localfile = "papers/Blum.1967.ATF.pdf",
	title = "{A} {T}ransformation for {E}xtracting {N}ew {D}escriptors of {S}hape",
	address = "Cambridge",
	publisher = "MIT Press",
	year = "1967",
	pages = "362--380"
}

@Book{ woods,
	author = "Rafael C. Gonzalez and Richard E. Woods",
	title = "Digital image processing",
	year = "2008",
	isbn = "013168728X",
	publisher = "Prentice-Hall, Inc.",
	address = "Upper Saddle River, NJ, USA",
	volume = "3"
}

@Article{ hough,
	title = "Method and means for recognizing complex patterns",
	author = "P. V. C. Hough",
	journal = "United States Patent",
	number = "3069654",
	year = "1962",
	url = "http://www.freepatentsonline.com/3069654.html"
}

@Book{ curlander,
	title = "Synthetic Aperture Radar: Systems and Signal Processing",
	author = "John C. Curlander and Robert N. McDonough",
	publisher = "Wiley-Interscience",
	year = "1991",
	isbn = "047185770X"
}

@Unpublished{ orbisat,
	title = "ORBISAT DA AMAZ{\^O}NIA IND. E AEROLEVANTAMENTO S.A.",
	author = "Orbisat",
	address = "S{\~a}o Jos{\'e} dos Campos",
	year = "2010",
	note = "Imagem de radar de abertura sint{\'e}tica aerotranspotada da cidade de Paragominas (PA) e entorno 2007. Sensor OrbiSAR. Aquisi\c{c}{\~a}o entre 11 fev. 2007 e 13 mar. 2007."
}

@Article{ tupin,
	title = "Detection of linear features in SAR images: Application to road network extraction",
	author = "Florence Tupin and Henri Ma{\^i}tre and Jean-Fran\c{c}ois Mangin and Jaan-Marie Nicolas and Eug{\`e}ne Pechersky",
	journal = "IEEE Transactions on Geoscience and Remote Sensing",
	pages = "434--453",
	volume = "36",
	number = "2",
	month = "Mar ",
	year = "1998"
}

@Article{ chanussot,
	author = "J. Chanussot and G. Mauris and P. Lambert",
	journal = "Geoscience and Remote Sensing, IEEE Transactions on",
	title = "Fuzzy fusion techniques for linear features detection in multitemporal SAR images",
	year = "1999",
	month = "may",
	volume = "37",
	number = "3",
	pages = "1292--1305",
	doi = "10.1109/36.763290",
	ISSN = "0196-2892"
}

@Article{ gamba4,
	title = "Detection of urban structures in {SAR} images by robust fuzzy clustering algorithms: the example of street tracking",
	author = "F. Dell'Acqua and P. Gamba",
	journal = "Geoscience and Remote Sensing, IEEE Transactions on",
	pages = "2287--2297",
	volume = "39",
	number = "10",
	month = "Oct ",
	year = "2001",
	issn = "0196-2892",
	doi = "10.1109/36.957292"
}

@Article{ peter,
	title = "Automated Extraction of Linear Features from Aerial Imagery Using Kohonen Learning and GIS Data",
	author = "Pete Doucette and Peggy Agouris and Maohamad Musavi and Anthony Stefanidis",
	journal = "Lecture Notes in Computer Science",
	pages = "20--33",
	volume = "1737",
	year = "1999",
	issn = "3540669310"
}

@PhDThesis{ manoel,
	title = "Segmenta\c{c}{\~a}o Multi-n{\'i}veis e multi-modelos para imagens de radar e {\'o}ticas.",
	author = "Manoel de A. Sousa Junior",
	school = "Instituto Nacional de Pesquisas Espaciais",
	address = "S{\~a}o Jos{\'e} dos Campos",
	month = mar,
	year = "2005",
	isbn = "INPE-14466-TDI/1147 "
}

@Article{ mayer,
	author = "Helmut Mayer and Ivan Laptev and Albert Baumgartner and Carsten Steger",
	journal = "International Archives of Photogrammetry and Remote Sensing",
	pages = "106--113",
	title = "Automatic road extraction based on multi-scale modeling, context, and snakes",
	volume = "32",
	year = "1997",
	citeseerurl = "http://citeseerx.ist.psu.edu/viewdoc/download?doi=10.1.1.28.2834\&rep=rep1\&type=pdf",
	citeulike-article-id = "10740276",
	priority = "2"
}

@Article{ gruen,
	title = "Semi-automatic linear feature extraction by dynamic programming and {LSB}-Snakes",
	author = "A. Gruen and H. Li",
	journal = "Photogrammetric Engineering and Remote Sensing",
	pages = "985--995",
	volume = "63",
	number = "8",
	year = "1997",
	issn = "00991112"
}

@Article{ kass,
	title = "Snakes: Active Contour Models",
	author = "M. Kass and A. Witkin and D. Terzopoulos",
	journal = "International Journal of Computer Vision",
	pages = "321--331",
	volume = "1",
	number = "4",
	year = "1987"
}

@MastersThesis{ haupt,
	title = "Automatic road network extraction from high resolution satellite imagery using spectral classification methods ",
	author = "A. C. Hauptfleisch",
	month = feb,
	year = "2010",
	school = "University of Pretoria"
}

@Article{ pete2,
	title = "Automated road extraction from high resolution multispectral imagery",
	author = "Pete Doucette and Peggy Agouris and Anthony Stefanidis",
	journal = "Photogrammetric Engineering and Remote Sensing",
	pages = "1405--1416",
	volume = "70",
	number = "12",
	month = "Dec ",
	year = "2004"
}

@Article{ oddo,
	title = "Automated Road Extraction via the Hybridization of Self-Organization and Model Based Techniques.",
	author = "Louis A. Oddo and Peter Doucette and Peggy Agouris",
	journal = "In Processing of the 29th AppIied Imagery Pattern Recognition Workshop",
	pages = "32--38",
	year = "2000"
}

@Article{ pete3,
	title = "Self-organised clustering for road extraction in classified imagery",
	author = "Peter Doucette and Peggy Agouris and Anthony Stefanidis and Mohamad Musavi",
	journal = "ISPRS Journal of Photogrammetry and Remote Sensing",
	pages = "347--358",
	volume = "55",
	month = "Feb ",
	year = "2001"
}

@InProceedings{ harvey,
	address = "Paris, France",
	author = "W. A. Harvey",
	booktitle = "Proc. International Workshop on 3D Geospatial Data Production: Meeting Application requirements, ISPRS WG II/6",
	citeulike-article-id = "10740203",
	citeulike-linkout-0 = "http://www.cs.cmu.edu/\~{}wah/pubs/isprs99.pdf",
	month = "Apr ",
	pages = "175--185",
	priority = "2",
	title = "{Performance evaluation for road extraction}",
	url = "http://www.cs.cmu.edu/\~{}wah/pubs/isprs99.pdf",
	year = "1999"
}

@InProceedings{ amberg,
	author = "V. Amberg and M. Coulon and P. Marthon and M. Spigai",
	booktitle = "Geoscience and Remote Sensing Symposium, 2004. IGARSS '04. Proceedings. 2004 IEEE International",
	title = "Structure extraction from high resolution {SAR} data on urban areas",
	year = "2004",
	month = "sept.",
	volume = "3",
	number = "",
	pages = " 1784--1787 vol.3",
	doi = "10.1109/IGARSS.2004.1370680",
	ISSN = ""
}

@Article{ pitts,
	title = "A logical calculus of the ideas immanent in nervous activity",
	author = "W.S. McCulloch and W. Pitts",
	journal = "Bulletin of Mathematical Biophysics",
	pages = "115--133",
	year = "1943",
	volume = "5"
}

@Article{ kohonen,
	title = "Self-organized formation of topologically correct feature maps",
	author = "Teuvo Kohonen",
	journal = "Biological Cybernetics",
	pages = "59--69",
	volume = "43",
	year = "1982"
}

@Article{ rosenblatt,
	title = "The {P}erceptron: {A} probabilistic model for information storage and organization in the brain",
	author = "F. Rosenblatt",
	journal = "Psychological Review",
	pages = "386--408",
	volume = "65",
	year = "1958"
}

@Book{ rosenblatt2,
	title = "Principles of Neurodynamics",
	author = "F. Rosenblatt",
	publisher = "Spartan Books",
	address = "Washington, DC",
	year = "1962"
}

@Book{ haykin,
	title = "Neural {N}etwork",
	subtitle = "a comprehensive foundation",
	author = "Simon Haykin",
	publisher = "Macmillan College Publishing Company",
	year = "1994",
	isbn = "002352761-7"
}

@Article{ zhang,
	title = "Towards an operational system for automated updating of road databases by integration of imagery and geodata",
	author = "C. Zhang",
	journal = "ISPRS Journal of Photogrammetry and Remote Sensing",
	pages = "166--186",
	year = "2004",
	volume = "58"
}

@Article{ mena,
	title = "An automatic method for road extraction in rural and semi-urban areas starting from high resolution multi-spectral satellite imagery",
	author = "J. B. Mena and J. A. Malpica",
	journal = "Pattern Recognition Letters",
	pages = "1201--1220",
	volume = "26",
	year = "2005"
}

@Electronic{ matlab,
	title = "The {M}athworks {I}nc.",
	url = http://www.mathworks.com/
}

@Article{ bajcsy,
	title = "Computer recognition of roads from satellite pictures",
	author = "Ruzena Bajcsy and Mohamad Tavakoli",
	journal = "IEEE Systems, Man, and Cybernetics Society",
	pages = "623--637",
	month = sep,
	year = "1976",
	issn = "0018-9472"
}

@InCollection{ quam,
	title = "Road tracking and anomaly detection in aerial imagery",
	author = "L.H. Quam",
	publisher = "Image Understanding Workshop",
	location = "London, UK",
	pages = "51--55",
	year = "1978"
}

@Article{ baumgartner,
	title = "Efficient methods and interfaces for road tracking",
	author = "A. Baumgartner and S. Hinz and C. Wiedemann",
	journal = "International Archives of Photogrammetry and Remote Sensing",
	pages = "28--31",
	volume = "34",
	year = "2002"
}

@Article{ zhao,
	title = "Semi-automatic road extraction from high-resolution satellite image",
	author = "Huijing Zhao and Jun Kumagai and Masafumi Nakagawa and Ryosuke Shibasaki",
	journal = "International Society for Photogrammetry and Remote Sensing",
	pages = "A--406 ff",
	volume = "XXXIV",
	number = "3",
	month = sep,
	year = "2002"
}

@Book{ terzopoulos,
	editor = "A. Singh and D. Goldgof and D. Terzopoulos",
	title = "Deformable models in medical image analysis",
	year = 1998,
	publisher = "IEEE Press",
	address = "Alamitos, CA"
}

@Article{ agouris,
	title = "Differential snakes for change detection in road segments",
	author = "Peggy Agouris and Anthony Stefanidis and Sotirios Gyftakis",
	journal = "Photogrammetric Engineering and Remote Sensing",
	pages = "1391--1399",
	volume = "67",
	number = "12",
	month = dec,
	year = "2001",
	issn = "00991112"
}

@Article{ bentabet,
	author = "L. Bentabet and S. Jodouin and D. Ziou and J. Vaillancourt",
	journal = "Geoscience and Remote Sensing, IEEE Transactions on",
	title = "Road vectors update using SAR imagery: a snake-based method",
	year = "2003",
	month = "aug.",
	volume = "41",
	number = "8",
	pages = " 1785--1803",
	doi = "10.1109/TGRS.2003.813850",
	ISSN = "0196-2892"
}

@Article{ silvestre,
	title = "Modelos deform{\'a}veis na segmenta\c{c}{\~a}o de imagens m{\'e}dicas: uma introdu\c{c}{\~a}o",
	author = "Jos{\'e} Silvestre Silva and Beatriz Souza Santos and Augusto Silva and Joaquim Madeira",
	journal = "Revista do DETUA",
	volume = "4",
	number = "3",
	month = "Sep ",
	year = "2004"
}

@Article{ amini,
	author = "A.A. Amini and T.E. Weymouth and R.C. Jain",
	journal = "Pattern Analysis and Machine Intelligence, IEEE Transactions on",
	title = "Using dynamic programming for solving variational problems in vision",
	year = "1990",
	month = "sep",
	volume = "12",
	number = "9",
	pages = "855--867",
	doi = "10.1109/34.57681",
	ISSN = "0162-8828"
}

@InProceedings{ youn,
	author = "Junhee Youn and James S. Bethel",
	title = "Adaptive snakes for urban road extraction",
	booktitle = "In: International Archives of Photogrammetry and Remote Sensing",
	year = "2004",
	pages = "465--470"
}

@Article{ pengfei,
	title = "Roads extraction and their changes detection in airborne images with the help of {GIS} dataI",
	author = "Pengfei Liu and Jianqing Zhang and Li Pan and Liang Zhong",
	journal = "ISPRS Journal of Photogrammetry and Remote Sensing",
	pages = "1579--1584",
	volume = "XXXVII",
	number = "B7",
	year = "2008"
}

@Article{ lisini,
	title = "Road extraction in urban and rural environments exploiting a dual-band {SAR} system",
	author = "G. Lisini and P. Gamba and D. Luebeck",
	journal = "IEEE International Geoscience and Remote Sensing Symposium",
	pages = "3610--3613",
	month = oct,
	year = "2011"
}

@Article{ mena2,
	title = "State of the art on automatic road extraction for {GIS} update: a novel classification",
	author = "J.B. Mena",
	journal = "Pattern Recognition Letters",
	pages = "3037--3058",
	volume = "24",
	year = "2003",
	issn = "0167-8655"
}

@Article{ dalpoz,
	title = "Um algoritmo de otimiza\c{c}{\~a}o global para a extra\c{c}{\~a}o de rodovias em imagens digitais",
	author = "Aluir P. Dal Poz and Peggy Agouris",
	journal = "Revista Brasileira de Cartografia",
	pages = "65--72",
	number = "53",
	month = "Dec ",
	year = "2001"
}

@Article{ baumgartner2,
	title = "Automatic road extraction based on multi-scale, grouping, and context",
	author = "Albert Baumgartner and Carsten Steger and Helmut Mayer and Wolfgang Eckstein and Heinrich Ebner",
	journal = "Photogrammetric Engineering and Remote Sensing",
	pages = "777--785",
	volume = "55",
	number = "7",
	month = jul,
	year = "1999"
}

@Article{ couloigner,
	title = "Mapping of urban areas: A multiresolution modeling approach for semi-automatic extraction of streets",
	author = "Isabelle Couloigner and Thierry Ranchin",
	journal = "Photogrammetric engineering and remote sensing",
	pages = "867--874",
	volume = "66",
	number = "7",
	month = jul,
	year = "2000"
}

@Article{ mao,
	title = "Boundary detection using open spline curve based on mumford-shah model",
	author = "Li Xiao-Mao and Zhu Lin-Lin and Tang Yan-Dong",
	journal = "Acta Automatica Sinica",
	volume = "35",
	number = "2",
	month = feb,
	year = "2009"
}

@InProceedings{ li,
	author = "Hongsheng Li and Tian Shen and M.B. Smith and I. Fujiwara and D. Vavylonis and Xiaolei Huang",
	booktitle = "Biomedical Imaging: From Nano to Macro, 2009. ISBI '09. IEEE International Symposium on",
	title = "Automated actin filament segmentation, tracking and tip elongation measurements based on open active contour models",
	year = "2009",
	month = "28 2009-july 1",
	volume = "",
	number = "",
	pages = "1302--1305",
	doi = "10.1109/ISBI.2009.5193303",
	ISSN = "1945-7928"
}

@Article{ osher,
	title = "Fronts propagation with curvature dependent speed: algorithms based on hamilton-jacobi formulations",
	author = "S. Osher and J. A. Sethian",
	journal = "Journal of Computational Physics",
	pages = "12--49",
	volume = "79",
	year = "1988"
}

@Article{ fazan2,
	title = "Extra\c{c}{\~a}o semi-autom{\'a}tica de fei\c{c}{\~o}es em imagens digitais usando a estrat{\'e}gia de teste ativo",
	author = "Antonio J. Fazan and Tatiana S. G. Mendes and Aluir Porfirio Dal Poz",
	journal = "Congresso Brasileiro de Cartografia",
	volume = "XXI",
	year = "2003"
}

@Book{ bellman,
	title = "Applied dynamic programming",
	author = "R. Bellman and S. Dreyfus",
	journal = "Princeton University Press, Princeton, New Jersey",
	year = "1962",
	publisher = "The {RAND} Corporation",
	month = may,
	note = "R-352-PR",
	address = "Santa Monica"
}

@PhDThesis{ liThesis,
	title = "Semi-automatic road extraction from satellite and aerial images",
	author = "H. Li",
	school = "Institute of Geodesy and Photogrammetry",
	address = "ETH-Zurich, Switzerland",
	year = "1997"
}

@InProceedings{ lotte,
	title = "Identifica\c{c}{\~a}o de Pontos para a Extra\c{c}{\~a}o de Estradas em Imagens SAR Aerotransportadas: uma Abordagem Baseada em Mapas Auto-Organiz{\'a}veis",
	booktitle = "Anais",
	author = "Rodolfo Georjute Lotte and Cl{\'a}udia Maria de Almeida and Jos{\'e} Demisio SimÃµes da Silva",
	publisher = "Universidade Federal do Cear{\'a} - UFCE",
	organization = "X Congresso Brasileiro de Intelig{\^e}ncia Computacional - CBIC'2011.",
	year = "2011",
	note = "Setores de Atividade: Pesquisa e desenvolvimento cient{\'i}fico, Atividades dos servi\c{c}os de tecnologia da informa\c{c}{\~a}o.",
	keywords = "computer vision, road extraction., SAR images, self-organising maps",
	url = "http://cbrn-cbic2011.org/",
	affiliation = "{Instituto Nacional de Pesquisas Espaciais (INPE)} and {Instituto Nacional de Pesquisas Espaciais (INPE)} and {Instituto Nacional de Pesquisas Espaciais (INPE)}",
	area = "SRE",
	conference-location = "Fortaleza, CE Fortaleza, CE",
	conference-year = "2011",
	electronicmailaddress = "{} and almeida@dsr.inpe.br",
	label = "lattes: 1861914973833506 2 LotteAlmeSilv:2011:UmAbBa",
	language = "pt",
	urlaccessdate = "08 fev. 2012"
}

@InProceedings{ dalpoz2,
	title = "Active testing and edge analysis for road centerline extraction",
	author = "A. P. Dal Poz and M. A. O. Silva",
	location = "Graz",
	address = "{\'A}ustria",
	journal = "ISPRS - Symposium on Photogrametric Computer Vision",
	year = "2002",
	booktitle = "ISPRS - Symposium on Photogrametric Computer Vision",
	pages = "44--47",
	volume = "34",
	month = "Sep "
}

@Book{ bellman2,
	title = "The theory of dynamic programming",
	author = "Richard Bellman",
	journal = "The {RAND} corporation",
	number = "550",
	month = jul,
	year = "1954",
	publisher = "The {RAND} Corporation"
}

@Manual{ figueiredo,
	title = "Conceitos b{\'a}sicos de sensoriamento remoto",
	author = "Divino Figueiredo",
	year = "2005",
	url = "www.conab.gov.br/conabweb/download/SIGABRASIL/manuais/conceitos_sm.pdf"
}

@Manual{ sehn,
	title = "Classifica\c{c}{\~a}o de imagens por regi\~oes",
	author = {Thales Sehn K{\"o}rting},
	address = "Instituto Nacional de Pesquisas Espaciais",
	month = sep,
	year = "2006"
}

@InProceedings{ baumgartner3,
	author = "A. Baumgartner and C. Steger and H. Mayer and W. Eckstein",
	title = "Multi-Resolution, Semantic Objects, and Context for Road Extraction",
	booktitle = "In Semantic Modeling for the Acquisition of Topographic Information from Images and Maps",
	year = "1997",
	pages = "140--156",
	publisher = "Birkhauser Verlag"
}

@Article{ haralick,
	author = "R.M. Haralick",
	journal = "Proceedings of the IEEE",
	title = "Statistical and structural approaches to texture",
	year = "1979",
	month = "may",
	volume = "67",
	number = "5",
	pages = " 786--804",
	keywords = "",
	doi = "10.1109/PROC.1979.11328",
	ISSN = "0018-9219"
}

@Article{ hu2,
	author = "Xiangyun Hu and C. Vincent Tao and Yong Hu",
	booktitle = "In International Archives of Photogrammetry, Remote Sensing and Spatial Information Sciences XXXV-B3",
	journal = "International Archives of Photogrammetry, Remote Sensing and Spatial Information Sciences",
	pages = "288--292",
	title = "Automatic Road Extraction From Dense Urban Area by Integrated Processing of High Resolution Imagery and {LIDAR} Data",
	volume = "35 (Part B3)",
	year = "2004",
	citeseerurl = "http://citeseerx.ist.psu.edu/viewdoc/summary?doi=10.1.1.118.598",
	citeulike-article-id = "10740227",
	priority = "2"
}

@Article{ cohen,
	author = "Laurent D. Cohen",
	title = "On active contour models and balloons",
	journal = "CVGIP: Image Underst.",
	issue_date = "March 1991",
	volume = "53",
	number = "2",
	month = mar,
	year = "1991",
	issn = "1049-9660",
	pages = "211--218",
	numpages = "8",
	url = "http://dx.doi.org/10.1016/1049-9660(91)90028-N",
	doi = "10.1016/1049-9660(91)90028-N",
	acmid = "108647",
	publisher = "Academic Press, Inc.",
	address = "Orlando, FL, USA"
}

@InProceedings{ zhang2,
	author = "Chunsun Zhang and Shunji Murai and Emmanuel Baltsavias",
	title = "Road Network Detection by Mathematical Morphology",
	booktitle = {Proc. ISPRS Workshop {\grqq}3D Geospatial Data Production: Meeting Application Requirements"},
	year = "1999",
	pages = "185--200",
	publisher = ""
}

@Article{ ziou,
	title = "Finding lines in grey-level images",
	author = "D. Ziou",
	journal = "In Processing of International Conference Pattern Recognition",
	pages = "534--537",
	year = "2000"
}

@Article{ bovik,
	author = "A.C. Bovik",
	journal = "Acoustics, Speech and Signal Processing, IEEE Transactions on",
	title = "On detecting edges in speckle imagery",
	year = "1988",
	month = "oct",
	volume = "36",
	number = "10",
	pages = "1618--1627",
	doi = "10.1109/29.7550",
	ISSN = "0096-3518"
}

@InProceedings{ costa,
	author = "R.C.S. Costa and F.N.S. Medeiros",
	booktitle = "Computer Graphics and Image Processing, 2002. Proceedings. XV Brazilian Symposium on",
	title = "Linear features detection in {SAR} images for urban analysis",
	year = "2002",
	month = "",
	volume = "",
	number = "",
	pages = " 401",
	keywords = "edge detection, feature extraction, Hough transform, Hough transforms, linear feature detection, line detector algorithms, main axes, radar applications, radar imaging, remote sensing by radar, road networks, SAR image areas, straight line extraction, synthetic aperture radar, urban analysis",
	doi = "10.1109/SIBGRA.2002.1167173",
	ISSN = "1530-1834 "
}

@Article{ zhou,
	title = "Linear Feature Detection in Polarimetric {SAR} Images",
	author = "Guangyi Zhou and Yi Cui and Yilun Chen and Jian Yang and H. Rashvand and Y. Yamaguchi",
	journal = "IEEE Transactions on Geoscience and Remote Sensing",
	pages = "1453--1463",
	volume = "49",
	number = "4",
	month = "Apr ",
	year = "2011",
	issn = "0196-2892",
	doi = "10.1109/TGRS.2010.2081373"
}

@Article{ frost,
	author = "Victor S. Frost and Josephine Abbott Stiles and K. S. Shanmugan and Julian C. Holtzman",
	journal = "Pattern Analysis and Machine Intelligence, IEEE Transactions on",
	title = "A Model for Radar Images and Its Application to Adaptive Digital Filtering of Multiplicative Noise",
	year = "1982",
	month = "march ",
	volume = "PAMI-4",
	number = "2",
	pages = "157--166",
	keywords = "",
	doi = "10.1109/TPAMI.1982.4767223",
	ISSN = "0162-8828"
}

@Article{ lee,
	author = "Jong-Sen Lee",
	journal = "Pattern Analysis and Machine Intelligence, IEEE Transactions on",
	title = "Digital Image Enhancement and Noise Filtering by Use of Local Statistics",
	year = "1980",
	month = "march ",
	volume = "PAMI-2",
	number = "2",
	pages = "165--168",
	keywords = "",
	doi = "10.1109/TPAMI.1980.4766994",
	ISSN = "0162-8828"
}

@Manual{ spitzer,
	title = "Random fields and interacting particle systems",
	author = "F. Spitzer",
	edition = "M. A. A. Summer Seminar Notes",
	year = "1971"
}

@Article{ lisini2,
	title = "Feature fusion to improve road network extraction in high-resolution {SAR} images",
	author = "G. Lisini and C. Tison and F. Tupin and P. Gamba",
	journal = "Geoscience and Remote Sensing Letters, IEEE",
	pages = " 217--221",
	volume = "3",
	number = "2",
	month = "Apr",
	year = "2006",
	issn = "1545-598X",
	doi = "10.1109/LGRS.2005.862526"
}

@Article{ oliveira,
	title = "Extra\c{c}{\~a}o de rodovias utilizando {S}nakes",
	author = "Rafael M. S. Oliveira and Aluir P. Dal Poz",
	journal = "Pesquisas em Geoci{\^e}ncias",
	pages = "31--39",
	volume = "31",
	number = "2",
	year = "2004",
	issn = "1518-2398"
}

@InProceedings{ grote,
	author = "A. Grote and C. Heipke and F. Rottensteiner and H. Meyer",
	booktitle = "Urban Remote Sensing Event, 2009 Joint",
	title = "Road extraction in suburban areas by region-based road subgraph extraction and evaluation",
	year = "2009",
	month = "may",
	volume = "",
	number = "",
	pages = "1--6",
	doi = "10.1109/URS.2009.5137676",
	ISSN = ""
}

@Article{ gruen2,
	title = "Linear feature extraction with {LSB}-snakes from multiple images",
	author = "A. Gruen and H. Li",
	journal = "International Archives of Photogrammetry and Remote Sensing",
	pages = "266--272",
	volume = "31",
	year = "1996"
}

@Book{ green,
	title = "Signal detection theory and psychophysics",
	author = "David M. Green and John A. Swets",
	year = "1966",
	isbn = "0471324205",
	publisher = "John Wiley and Sons Inc.",
	address = "New York, NY"
}

@Manual{ agouris2,
	title = "Automation and digital photogrammetric workstations",
	author = "P. Agouris and P. Doucette and A. Stefanidis",
	editor = "C. McGlobe and M. Mikhail and J. Bethel",
	organization = "American Society for Photogrammetry and Remote Sensing",
	edition = "Manual of Photogrammetry: Fifth",
	chapter = "12",
	year = "2004",
	note = "Chapter 12"
}

@Article{ merlet,
	title = "New prospects in line detection by dynamic programming",
	author = "N. Merlet and J. Zerubia",
	journal = "IEEE Transactions on Pattern Analysis and Machine Intelligence",
	pages = "426--431",
	volume = "18",
	number = "4",
	year = "1996"
}

@Article{ almeida,
	title = "A Knowledge-Based Approach Applied to Airborne {SAR} Images for Classifying Land Cover in the Brazilian Amazon",
	author = "C. M. Almeida and F. F. Delgado and R. A. S. Rosa and D. Luebeck and R. Q. Feitosa and G. A. O. P. Costa",
	location = "Rio de Janeiro, RJ",
	journal = "International Conference on Geographic Object-Based Image Analysis - GEOBIA",
	volume = "4",
	year = "2012"
}

@Article{ xiao,
	title = "Road network extraction in classified SAR images using genetic algorithm",
	author = "Zhi Qiang Xiao and Guang Shu Bao and Xiao Que Jiang",
	publisher = "Central South University, co-published with Springer",
	journal = "Journal of Central South University of Technology",
	pages = "180--184",
	volume = "11",
	year = "2004",
	issn = "1005-9784",
	url = "http://dx.doi.org/10.1007/s11771-004-0038-x",
	affiliation = "Central South University School of Info-Physics and Geomatics Engineering 410083 Changsha China 410083 Changsha China",
	issue = "2",
	keyword = "Engineering"
}

@InProceedings{ wiedemann2,
	author = "Christian Wiedemann and Christian Heipke and Helmut Mayer and Olivier Jamet",
	title = "Empirical Evaluation Of Automatically Extracted Road Axes",
	booktitle = "Empirical Evaluation Techniques in Computer Vision",
	year = "1998",
	pages = "172--187"
}

@InProceedings{ heipke,
	author = "C. Heipke and H. Mayer and C. Wiedemann and O. Jamet",
	title = "Evaluation of Automatic Road Extraction",
	booktitle = "In: International Archives of Photogrammetry and Remote Sensing",
	year = "1997",
	pages = "47--56"
}

@Article{ metz,
	title = "Basic principles of ROC analysis",
	author = "C. Metz",
	journal = "Seminars in Nuclear Medicine",
	pages = "283--298",
	volume = "8",
	year = "1978"
}

@Article{ collison,
	title = "Of bombers, radiologists, and cardiologists: time to ROC ",
	author = "P. Collison",
	journal = "Heart",
	pages = "215--217 ",
	volume = "80",
	number = "3",
	year = "1998"
}

@InProceedings{ xu,
	author = "Chenyang Xu and J.L. Prince",
	booktitle = "Computer Vision and Pattern Recognition, 1997. Proceedings., 1997 IEEE Computer Society Conference on",
	title = "Gradient vector flow: a new external force for snakes",
	year = "1997",
	month = "jun",
	volume = "",
	number = "",
	pages = "66--71",
	keywords = "active contours, binary edge map, computer vision, external force, gradient vector flow, image processing, initialization, object boundaries, real image, simulated images, snakes, computer vision, image processing",
	doi = "10.1109/CVPR.1997.609299",
	ISSN = "1063-6919"
}

@PhDThesis{ li2,
	title = "Semi-automatic road extraction from satellite and aerial images",
	author = "Haihong Li",
	school = "Swiss Federal Institute of Technology Zurich",
	month = mar,
	year = "1997"
}

@InProceedings{ dalpoz3,
	title = "Semi-automatic road extraction by {D}ynamic {P}rogramming Optimisation in the object space: single image case",
	booktitle = "Symposium of ISPRS Commission III - Photogrammetric Computer Vision",
	author = "A. P. Dal Poz and R. A. Gallis and J. F. C. da Silva",
	publisher = "The International Archives the Photogrammetry, Remote Sensing and Spatial Information Sciences",
	location = "Germany",
	pages = "215--220",
	volume = "36",
	number = "XXX",
	year = "2006"
}

@Article{ fua,
	title = "Model Driven Edge Detection",
	author = "P. Fua and Y. Leclerc",
	journal = "Machine Vision and Applications",
	pages = "45--56",
	volume = "III",
	year = "1990"
}

@Article{ hu3,
	title = "Automatic extraction of main road centerlines from high resolution satellite imagery using hierarchical grouping",
	author = "Xiangyun Hu and Vicent Tao",
	journal = "Photogrammetric Engineering \& Remote Sensing",
	pages = "1049--1056",
	volume = "73",
	number = "9",
	month = sep,
	year = "2007"
}

@Article{ gamba5,
	title = "Improving Urban Road extraction in High-Resolution images exploiting directional filtering, perceptual grouping, and simple topological concepts",
	author = "Paolo Gamba and Fabio Dell'Acqua and Gianni Lisini",
	journal = "IEEE Geoscience and Remote Sensing Letters",
	pages = "387--391",
	volume = "3",
	number = "3",
	month = jul,
	year = "2006"
}

@Article{ mohan,
	title = "Perceptual organization for scene segmentation and description",
	author = "Rakesh Mohan and Ramakant Nevatia",
	journal = "IEEE Trans. Pattern Anal. and Machine Intel.",
	pages = "616--635",
	volume = "14",
	number = "6",
	month = jun,
	year = "1992"
}

@Article{ amini2,
	title = "Automatic road-side extraction from large scale imagemaps",
	journal = "International Journal of Applied Earth Observation and Geoinformation",
	volume = "4",
	number = "2",
	pages = "95--107",
	year = "2002",
	note = "",
	issn = "0303-2434",
	doi = "10.1016/S0303-2434(02)00004-1",
	url = "http://www.sciencedirect.com/science/article/pii/S0303243402000041",
	author = "J Amini and M.R Saradjian and J.A.R Blais and C Lucas and A Azizi",
	keywords = "Image map",
	keywords1 = "Extraction",
	keywords2 = "GMA"
}

@Article{ finkel,
	title = "{Quad trees a data structure for retrieval on composite keys}",
	author = "R. A. Finkel and J. L. Bentley and R. A. Finkel and J. L. Bentley",
	publisher = "Springer Berlin / Heidelberg",
	journal = "Acta Informatica",
	pages = "1--9",
	volume = "4",
	number = "1",
	month = mar,
	year = "1974",
	issn = "0001-5903",
	keywords = "quad-tree, retrieval",
	url = "http://dx.doi.org/10.1007/BF00288933",
	doi = "10.1007/BF00288933",
	citeulike-article-id = "2583154",
	citeulike-linkout-0 = "http://dx.doi.org/10.1007/BF00288933",
	citeulike-linkout-1 = "http://www.springerlink.com/content/x7147683u3241843",
	day = "1",
	posted-at = "2008-03-25 02:08:04",
	priority = "2"
}

@Book{ barrow,
	author = "H. G. Barrow and J. M. Tenenbaum",
	booktitle = "Computer Vision Systems",
	keywords = "grp",
	pages = "3--26",
	publisher = "Academic Press",
	title = "Recovering intrinsic scene characteristics from images",
	year = "1978",
	citeulike-article-id = "1398361",
	posted-at = "2007-06-19 10:48:47",
	priority = "2"
}

@InProceedings{ cootes,
	author = "T. F. Cootes and G. Edwards and C.J. Taylor",
	title = "Comparing Active Shape Models with Active Appearance Models",
	booktitle = "in Proc. British Machine Vision Conf",
	year = "1999",
	pages = "173--182",
	publisher = "BMVA Press"
}

@Misc{ staib,
	author = "Lawrence H. Staib and James S. Duncan",
	title = "Boundary Finding with Parametrically Deformable Models",
	year = "1992"
}

@InProceedings{ sergio,
	title = "Fundamentos de polarimetria {SAR}",
	booktitle = "Simp{\'o}sio Brasileiro de Sensoriamento Remoto, 13. (SBSR)",
	author = "Nilo Sergio de Oliveira Andrade and Antonio Nuno de Castro Santa Rosa and Paulo C{\'e}sar de Carvalho Faria",
	location = "Florian{\'o}polis",
	pages = "4775--4782",
	volume = "13",
	month = apr,
	year = "2007",
	url = "http://urlib.net/dpi.inpe.br/sbsr@80/2006/10.24.00.28"
}

@Book{ hoffman,
	title = "Numerical Methods for Engineers and Scientists",
	author = "Joe D. Hoffman",
	publisher = "CRC Press",
	edition = "2",
	month = may,
	year = "2001",
	isbn = "0824704436",
	mouth = "may"
}

@Article{ fawcett,
	author = "Tom Fawcett",
	title = "An introduction to ROC analysis",
	journal = "Pattern Recogn. Lett.",
	issue_date = "June 2006",
	volume = "27",
	number = "8",
	month = jun,
	year = "2006",
	issn = "0167-8655",
	pages = "861--874",
	numpages = "14",
	url = "http://dx.doi.org/10.1016/j.patrec.2005.10.010",
	doi = "10.1016/j.patrec.2005.10.010",
	acmid = "1159475",
	publisher = "Elsevier Science Inc.",
	address = "New York, NY, USA",
	keywords = "Classifier evaluation, Evaluation metrics, ROC analysis"
}

@Book{ courant,
	title = "Methods of Mathematical Physics",
	author = "Richard Courant and D. Hilbert",
	publisher = "Wiley",
	volume = "1",
	year = "1989"
}

@Article{ santanna,
	title = "Pol{SAR} region classification by stochastic distance minimization between wishart distributions",
	author = "Wagner B. Silva and Corina C. Freitas and Sidnei J. S. Sant'Anna and Alejandro C. Frery",
	journal = "IEEE Journal of Selected Topics in Applied Earth Observations and Remote Sensing",
	year = "2012"
}

@InProceedings{ scofield,
	title = "Avalia\c{c}{\~a}o quantitativa do {S}eg{SAR} atrav{\'e}s de medidas de borda e regi{\~o}es em imagens {\'o}pticas sint{\'e}ticas",
	booktitle = "Anais XIII Simp{\'o}sio Brasileiro de Sensoriamento Remoto",
	author = "Graziela B. Scofield and Sidnei J. S. Sant'Anna and Corina C. Freitas and Luciano V. Dutra",
	location = "Florian{\'o}polis",
	journal = "Simp{\'o}sio Brasileiro de Sensoriamento Remoto",
	pages = "6167--6174",
	edition = "XIII",
	month = apr,
	year = "2007"
}

